<record><leader>00000cas a22000007a 4500</leader><controlfield tag="001">9482909</controlfield><controlfield tag="008">830505d19051905ohudr ne      0    0eng d</controlfield><controlfield tag="009">3783</controlfield><datafield ind1=" " ind2=" " tag="010"><subfield code="a">sn 83035115 </subfield></datafield><datafield ind1=" " ind2=" " tag="040"><subfield code="a">NPY</subfield><subfield code="b">eng</subfield><subfield code="c">NPY</subfield><subfield code="d">ONP</subfield><subfield code="d">OCLCQ</subfield></datafield><datafield ind1="1" ind2=" " tag="029"><subfield code="a">AU@</subfield><subfield code="b">000025838967</subfield></datafield><datafield ind1=" " ind2=" " tag="042"><subfield code="a">msc</subfield></datafield><datafield ind1="0" ind2="0" tag="245"><subfield code="a">Cleveland world-news and evening plain dealer.</subfield></datafield><datafield ind1="3" ind2="0" tag="246"><subfield code="a">Cleveland world news and evening plain dealer</subfield></datafield><datafield ind1="1" ind2="7" tag="246"><subfield code="a">World-news</subfield></datafield><datafield ind1=" " ind2=" " tag="260"><subfield code="a">[Cleveland, Ohio] :</subfield><subfield code="b">C.A. Otis,</subfield><subfield code="c">1905.</subfield></datafield><datafield ind1=" " ind2=" " tag="300"><subfield code="a">v.</subfield></datafield><datafield ind1=" " ind2=" " tag="310"><subfield code="a">Daily</subfield></datafield><datafield ind1="0" ind2=" " tag="362"><subfield code="a">No. 6297 (July 17, 1905)-no. 6346 (Sept. 12, 1905).</subfield></datafield><datafield ind1=" " ind2=" " tag="500"><subfield code="a">Carries 3 sets of numbering, 1 for each of the titles which merged to form this title: Cleveland world (no. 6297-6346); News and herald (v. 39, no. 90-138); and, Evening plain dealer (v. 64, no. 167-216).</subfield></datafield><datafield ind1=" " ind2="4" tag="651"><subfield code="a">Cleveland (Ohio)</subfield><subfield code="v">Newspapers.</subfield></datafield><datafield ind1=" " ind2="4" tag="651"><subfield code="a">Cuyahoga County (Ohio)</subfield><subfield code="v">Newspapers.</subfield></datafield><datafield ind1=" " ind2=" " tag="752"><subfield code="a">United States</subfield><subfield code="b">Ohio</subfield><subfield code="c">Cuyahoga</subfield><subfield code="d">Cleveland.</subfield></datafield><datafield ind1="0" ind2="4" tag="780"><subfield code="t">Evening plain dealer (Cleveland, Ohio : 1898)</subfield><subfield code="w">(DLC)sn 83035555</subfield></datafield><datafield ind1="0" ind2="4" tag="780"><subfield code="t">Cleveland world-news</subfield><subfield code="w">(DLC)sn 83035114</subfield></datafield><datafield ind1="0" ind2="0" tag="785"><subfield code="t">Cleveland news (Cleveland, Ohio)</subfield><subfield code="w">(DLC)sn 83035104</subfield></datafield></record>